<?xml version="1.0" encoding="UTF-8"?>
<OAI-PMH xmlns="http://www.openarchives.org/OAI/2.0/" xmlns:xsi="http://www.w3.org/2001/XMLSchema-instance" xsi:schemaLocation="http://www.openarchives.org/OAI/2.0/ http://www.openarchives.org/OAI/2.0/OAI-PMH.xsd">
  <ListRecords>
    <record>
      <header>
        <identifier>aleph-publish:016759541</identifier>
      </header>
      <metadata>
        <record xmlns="http://www.ddb.de/professionell/mabxml/mabxml-1.xsd">
          <leader>00664nM2.01200024------h</leader>
          <controlfield tag="LDR">00664nM2.01200024------h</controlfield>
          <controlfield tag="FMT">MH</controlfield>
          <datafield tag="001" ind1="-" ind2="1">
            <subfield code="a">TT002494857</subfield>
          </datafield>
          <datafield tag="002" ind1="a" ind2="1">
            <subfield code="a">20080718</subfield>
          </datafield>
          <datafield tag="004" ind1="-" ind2="1">
            <subfield code="a">20080630</subfield>
          </datafield>
          <datafield tag="025" ind1="o" ind2="1">
            <subfield code="a">1075948907</subfield>
          </datafield>
          <controlfield tag="030">a|1uc||||||37</controlfield>
          <controlfield tag="050">|||||db|||||||</controlfield>
          <controlfield tag="051">m|||||||</controlfield>
          <datafield tag="070" ind1="-" ind2="1">
            <subfield code="a">Kn 3</subfield>
          </datafield>
          <datafield tag="070" ind1="a" ind2="1">
            <subfield code="a">Kn 3</subfield>
          </datafield>
          <datafield tag="100" ind1="b" ind2="1">
            <subfield code="p">Çoban, Ismail</subfield>
            <subfield code="d">1945-</subfield>
            <subfield code="b">[Ill.]</subfield>
            <subfield code="9">(DE-588)118521314</subfield>
          </datafield>
          <datafield tag="200" ind1="b" ind2="1">
            <subfield code="k">Bergkamen</subfield>
            <subfield code="b">Kulturverwaltung</subfield>
            <subfield code="9">(DE-588)5150278-1</subfield>
          </datafield>
          <datafield tag="201" ind1="-" ind2="1">
            <subfield code="k">Kulturverwaltung</subfield>
            <subfield code="h">Bergkamen</subfield>
          </datafield>
          <datafield tag="204" ind1="b" ind2="1">
            <subfield code="k">Städtische Galerie Sohle 1</subfield>
            <subfield code="h">Bergkamen</subfield>
            <subfield code="9">(DE-588)2052102-9</subfield>
          </datafield>
          <datafield tag="205" ind1="-" ind2="1">
            <subfield code="k">Bildergalerie Bergkamen</subfield>
          </datafield>
          <datafield tag="205" ind1="-" ind2="1">
            <subfield code="k">Galerie Sohle 1</subfield>
            <subfield code="h">Bergkamen</subfield>
          </datafield>
          <datafield tag="205" ind1="-" ind2="1">
            <subfield code="k">Sohle Eins, Multimedia-Galerie</subfield>
            <subfield code="h">Bergkamen</subfield>
          </datafield>
          <datafield tag="205" ind1="-" ind2="1">
            <subfield code="k">Multimedia-Galerie</subfield>
            <subfield code="h">Bergkamen</subfield>
          </datafield>
          <datafield tag="205" ind1="-" ind2="1">
            <subfield code="k">Sohle 1, Kommunale Galerie</subfield>
            <subfield code="h">Bergkamen</subfield>
          </datafield>
          <datafield tag="205" ind1="-" ind2="1">
            <subfield code="k">Sohle Eins, Kommunale Galerie</subfield>
            <subfield code="h">Bergkamen</subfield>
          </datafield>
          <datafield tag="205" ind1="-" ind2="1">
            <subfield code="k">Stadtmuseum Bergkamen</subfield>
            <subfield code="b">Städtische Galerie Sohle 1</subfield>
          </datafield>
          <datafield tag="205" ind1="-" ind2="1">
            <subfield code="k">Stadtmuseum Bergkamen</subfield>
            <subfield code="b">Galerie Sohle 1</subfield>
          </datafield>
          <datafield tag="205" ind1="-" ind2="1">
            <subfield code="k">Stadtmuseum Bergkamen</subfield>
            <subfield code="b">Bildergalerie</subfield>
          </datafield>
          <datafield tag="205" ind1="-" ind2="1">
            <subfield code="k">Stadtmuseum Bergkamen</subfield>
            <subfield code="b">Sohle 1, Multimedia-Galerie</subfield>
          </datafield>
          <datafield tag="205" ind1="-" ind2="1">
            <subfield code="k">Stadtmuseum Bergkamen</subfield>
            <subfield code="b">Multimedia-Galerie</subfield>
          </datafield>
          <datafield tag="205" ind1="-" ind2="1">
            <subfield code="k">Stadtmuseum Bergkamen</subfield>
            <subfield code="b">Sohle 1, Kommunale Galerie</subfield>
          </datafield>
          <datafield tag="205" ind1="-" ind2="1">
            <subfield code="k">Stadtmuseum Bergkamen</subfield>
            <subfield code="b">Kommunale Galerie</subfield>
          </datafield>
          <datafield tag="205" ind1="-" ind2="1">
            <subfield code="k">Bildergalerie der Stadt Bergkamen</subfield>
          </datafield>
          <datafield tag="205" ind1="-" ind2="1">
            <subfield code="k">Sohle Eins, Multimedia-Galerie</subfield>
          </datafield>
          <datafield tag="205" ind1="-" ind2="1">
            <subfield code="k">Sohle 1, Kommunale Galerie</subfield>
          </datafield>
          <datafield tag="205" ind1="-" ind2="1">
            <subfield code="k">Sohle Eins, Kommunale Galerie</subfield>
          </datafield>
          <datafield tag="205" ind1="-" ind2="1">
            <subfield code="k">Kommunale Galerie Sohle 1</subfield>
          </datafield>
          <datafield tag="205" ind1="-" ind2="1">
            <subfield code="k">Städtische Galerie Sohle 1</subfield>
          </datafield>
          <datafield tag="205" ind1="-" ind2="1">
            <subfield code="k">Kommunale Galerie</subfield>
            <subfield code="h">Bergkamen</subfield>
          </datafield>
          <datafield tag="331" ind1="-" ind2="1">
            <subfield code="a">MALEREI, RADIERUNGEN, HOLZSCHNITTE</subfield>
          </datafield>
          <datafield tag="365" ind1="-" ind2="1">
            <subfield code="a">MIT WERKVERZ. DER RADIERUNGEN, DER HOLZSCHNITTE UND 3 ORIG.-LITHOGRAFIEN. HRSG.: KULTURVERWALTUNG DER STADT BERGKAMEN, KOMMUNALE GALERIE 'SOHLE EINS' BERGKAMEN * COBAN, ISMAIL (KÜNSTLER/IN)</subfield>
          </datafield>
          <datafield tag="410" ind1="-" ind2="1">
            <subfield code="a">DÜSSELDORF</subfield>
          </datafield>
          <datafield tag="412" ind1="-" ind2="1">
            <subfield code="a">INTERNA-ORB</subfield>
          </datafield>
          <datafield tag="425" ind1="a" ind2="1">
            <subfield code="a">1980</subfield>
          </datafield>
          <datafield tag="433" ind1="-" ind2="1">
            <subfield code="a">53 BL. MIT ZAHLR. ABB. U. TAF., TEILS FARB.</subfield>
          </datafield>
          <datafield tag="501" ind1="-" ind2="1">
            <subfield code="a">NE: SOHLE 1 &lt;GALERIE, BERGKAMEN&gt;. - AUSSTELLUNGSKAT.</subfield>
          </datafield>
          <controlfield tag="SYS">016759541</controlfield>
          <datafield tag="LOW" ind1="-" ind2="1">
            <subfield code="a">K6001</subfield>
          </datafield>
          <datafield tag="088" ind1=" " ind2=" ">
            <subfield code="a">Kn 3</subfield>
            <subfield code="b">00020050</subfield>
            <subfield code="c">KMB/K COBAN, 7  1980</subfield>
            <subfield code="e">keine ILL</subfield>
          </datafield>
          <datafield tag="088" ind1=" " ind2=" ">
            <subfield code="a">6/015</subfield>
            <subfield code="c">N C 228</subfield>
            <subfield code="e">keine Angabe</subfield>
          </datafield>
        </record>
      </metadata>
    </record>
  </ListRecords>
</OAI-PMH>
